
@article{localization_accuracy,
	title = {Localization accuracy in single-molecule microscopy},
	journal = {Biophysical Journal},
	author = "{Ober, R.J.}, and {Ram, S.}, and {Ward, E.S.}",
	year = {2004},
	pages = {503-542}
}

@article{distance_estimation,
	author = "{Ober, R.J.}, and {Ram, S.}, and {Ward, E.S.}",
	journal = {Multidimensional Systems and Signal Processing},
	title = "A stochastic analysis of distance estimation approaches in single molecule microscopy - quantifying the resolution limits of photon-limited imaging systems",
	year = "2013",
	pages = {503-542},
}

@article{pixelation,
  author="{Vahid, M.R.}, and {Hanzon, B.}, and {Ober, R.J.}",
  journal={IEEE Transactions on Computational Imaging}, 
  title={Effect of Pixelation on the Parameter Estimation of Single Molecule Trajectories}, 
  year={2021},
  volume={7},
  pages={98-113}
}

@article{optimum_design,
 author = "{Kiefer, J.}",
 journal = {Journal of the Royal Statistical Society. Series B (Methodological)},
 number = {2},
 pages = {272--319},
 publisher = {[Royal Statistical Society, Wiley]},
 title = {Optimum Experimental Designs},
 volume = {21},
 year = {1959}
}

@article{factorial_design,
 author = "{Box, M. J.}, and {Draper, N. R.}",
 journal = {Technometrics},
 number = {4},
 pages = {731--742},
 publisher = {[Taylor & Francis, Ltd., American Statistical Association, American Society for Quality]},
 title = "Factorial Designs, the |{X}'{X}| Criterion, and Some Related Matters",
 volume = {13},
 year = {1971}
}


@article{shlomovich2020monte,
      title="A {M}onte {C}arlo {EM} Algorithm for the Parameter Estimation of Aggregated {H}awkes Processes", 
      author="{Shlomovich, L.}, and {Cohen, E.}, and {Adams, N.}, and {Patel, L.}",
      year={2020},
      eprint={2001.07160},
}

@article{rothenburg_1971,
	author = "{Rothenberg, T.J.}",
	journal = {Econometrica},
	title = "Identification in Parametric Models",
	year = "1971"
}

@article{uniform_resampling,
	author = "{Bowsher, C.G.}",
	journal = {Journal of Econometrics},
	title = "Modelling Security Market Events in Continuous Time: Intensity Based, Multivariate Point Process Models",
	year = "2007",
	volume={141(2)},
	pages={876-912}
}

@article{rounded_exp,
	author = "{Taraldsen, G.}",
	journal = {Journal of Applied Statistics},
	title = "Analysis of rounded exponential data",
	year = "2011"
}

@article{erlang,
	author = "{Erlang, A.K.}",
	journal = "Nyt Tidsskrift for Matematik. B 20",
	title = "The Theory of Probabilities and Telephone Conversations",
	year = "1909",
	pages = "33-41"
}

@book{nyquist,
	author = "{Marks, R.J.}",
	year = "1991",
	title = "Introduction to {S}hannon {S}ampling and {I}nterpolation {T}heory",
	publisher = "Springer-Verlag",
	address = "Berlin"
}


@misc{nhpp_linear,
	author = "{Massey, W.A.}, and {Parker, G.A.}, and {Whitt, W.}",
	title = "Estimating the parameters of a {N}onhomogeneous {P}oisson {P}rocess with linear rate",
	year = "1993",
	institution = "{A}{T}&{T} {B}ell {L}aboratories",
	address = "New Jersey"
}

@misc{rasmussen,
	author = "{Rasmussen, J.G.}",
	institution = {Aalborg University},
	title = "Temporal {P}oint {P}rocess and the {C}onditional {I}ntensity {F}unction",
	year = "2018",
	howpublished = {\url{https://arxiv.org/pdf/1806.00221.pdf}}
}


@book{daley_point_processes,
    author= "{Daley, D. J.}, and {Vere-Jones, D.}",
    title= "An introduction to the theory of point processes",
    year= "2002",
    publisher="Springer",
    address="New York"
}

@book{rao_crlb,
    author= "{Rao, C.R.}",
    title= "Linear Statistical Inference and its Applications",
    year= "1965",
    publisher="John Wiley and Sons",
    address="New York"
}

@book{young_smith_2005, series={Cambridge Series in Statistical and Probabilistic Mathematics}, title={Essentials of Statistical Inference}, publisher={Cambridge University Press}, author="{Young, G. A}, and {Smith, R. L.}", year={2005}, pages={120â€“139}}

@article{fisher_1922,
	author="{Fisher, R. A.}",
	year="1922",
	title="On the mathematical foundations of theoretical statistics",
	journal="Philosophical Transactions of the {R}oyal {S}ociety of {L}ondon",
	pages={309-368}
}
